The "%" will need to be removed.

An article from a magazine or a journal.
article{<Xarticle>,
  author          = "",
  title           = "",
  journal         = "",
  %volume          = "",
  %number          = "",
  %pages           = "",
  year            = "",
  %month           = "",
  %note            = "",
}

A published book
book{<Xbook>,
  author          = "",
  title           = "",
  publisher       = "",
  %volume          = "",
  %number          = "",
  %series          = "",
  %address         = "",
  %edition         = "",
  year            = "XXXX",
  %month           = "",
  %note            = "",
}

A bound work without a named publisher or sponsor.
booklet{<Xbooklet,
  %author          = "",
  title           = "",
  %howpublished    = "",
  %address         = "",
  year            = "XXXX",
  %month           = "",
  %note            = "",
}

Equal to inproceedings
conference{<Xconference>,
  author          = "",
  title           = "",
  booktitle       = "",
  %editor          = "",
  %volume          = "",
  %number          = "",
  %series          = "",
  %pages           = "",
  %address         = "",
  year            = "XXXX",
  %month           = "",
  %publisher       = "",
  %note            = "",
}

A section of a book without its own title.
inbook{<Xinbook>,
  author          = "",
  editor          = "",
  title           = "",
  chapter         = "",
  pages           = "",
  publisher       = "",
  %volume          = "",
  %number          = "",
  %series          = "",
  %type            = "",
  %address         = "",
  %edition         = "",
  year            = "",
  %month           = "",
  %note            = "",
}

A section of a book having its own title.
incollection{<Xincollection>,
  author          = "",
  title           = "",
  booktitle       = "",
  publisher       = "",
  %editor          = "",
  %volume          = "",
  %number          = "",
  %series          = "",
  %type            = "",
  %chapter         = "",
  %pages           = "",
  %address         = "",
  %edition         = "",
  year            = "",
  %month           = "",
  %note            = "",
}

Technical manual
manual{<Xmanual>,
  title           = "",
  %author          = "",
  %organization    = "",
  %address         = "",
  %edition         = "",
  year            = "",
  %month           = "",
  %note            = "",
}

Template useful for other kinds of publication
misc{<Xmisc>,
  %author          = "",
  %title           = "",
  %howpublished    = "",
  %year            = "XXXX",
  %month           = "",
  %note            = "",
}

Master's Thesis
thesis{<Xthesis>,
  author          = "",
  title           = "",
  school          = "",
  %type            = "diploma thesis",
  %address         = "",
  year            = "XXXX",
  %month           = "",
  %note            = "",
}

Ph.D Thesis
phdthesis{<Xphdthesis>,
  author          = "",
  title           = "",
  school          = "",
  %address         = "",
  year            = "",
  %month           = "",
  %keywords        = "",
  %note            = "",
}

The proceedings of a conference.
proceedings{<Xproceedings>,
  title           = "",
  %editor          = "",
  %volume          = "",
  %number          = "",
  %series          = "",
  %address         = "",
  %organization    = "",
  %publisher       = "",
  year            = "",
  %month           = "",
  %note            = "",
}

Technical report from educational, commercial or standardization institution.
techreport{<Xtechreport>,
  author          = "",
  title           = "",
  institution     = "",
  %type            = "",
  %number          = "",
  %address         = "",
  year            = "XXXX",
  %month           = "",
  %note            = "",
}

An unpublished article, book, thesis, etc.
unpublished{<Xunpublished,
  author          = "",
  title           = "",
  %year            = "",
  %month           = "",
  note            = "",
}


@manual{abaqus_docs-6.14,
  title           = "Abaqus 6.14 Documentation",
  organization    = "Simulia",
  address         = "Providence, RI",
  year            = "2014",
}

@manual{abaqus_docs-2016,
  title           = "Abaqus 2016 Documentation",
  organization    = "Simulia",
  address         = "Providence, RI",
  year            = "2016",
}

@article{alcaraz-2003,
  author          = "J. Alcaraz -- I. Lorenzo -- L. Lopez de Lacalle",
  title           = "Thermomechanical Analysis of a Chip Machining Process",
  journal         = "ABAQUS Users' Conference",
  year            = "2003",
}

@manual{atlas-ss-curves,
  title           = "Atlas of stress-strain curves",
  organization    = "ASM International",
  address         = "Materials Park, OH",
  edition         = "2nd",
  year            = "2002",
}

@manual{cindas,
  title           = "{Aerospace and High Performance Alloys Database}",
  organization    = "CINDAS LLC",
  address         = "West Lafayette, IN",
  year            = "1982",
}

@book{fracture-barsom-rolfe-1999,
  author          = "J. M. Barsom -- S.T. Rolfe",
  title           = "Fracture and Fatigue Control in Structures: Applications of Fracture Mechanics",
  publisher       = "American Society for Testing and Materials",
  number          = "MNL41",
  address         = "100 Barr Harbor Drive, West Conshohocken, PA 19428-2959",
  edition         = "Third",
  year            = "1999",
  month           = "November",
}

@book{grokking-algorithms,
  author          = "Aditya Y. Bhargava",
  title           = "grokking algorithms",
  publisher       = "Manning Publications Co.",
  year            = "2016",
}

@article{johnson-cook-1983,
  author          = "G. R. Johnson -- W. H. Cook",
  title           = "A constitutive model and data for metals subjected to large strains, high strain rates and high temperatures.",
  journal         = "Proceedings of the 7th International Symposium on Ballistics.",
  volume          = "21",
  year            = "1983",
}

@phdthesis{mariayyah-2008,
  author          = "R. Mariayyah",
  title           = "Experimental and Numerical Studies on Ductile Regime Machining of Silicon Carbide and silicon Nitride",
  school          = "University of North Carolina at Charlotte",
  year            = "2008",
  month           = "October",
}

@manual{mmpds,
  title           = "Metallic Materials Properties Development and Standardization",
  organization    = "Battelle Memorial Institute",
  edition         = "7th",
  year            = "2012",
}

@book{norton-machine_design,
  author          = "R. L. Norton",
  title           = "Machine Design An Integrated Approach",
  publisher       = "Pearson prentice Hall",
  address         = "Upper Saddle River, New Jersey 07458",
  edition         = "3rd",
  year            = "2006",
}

@article{PTW,
  author          = "D. L. Preston -- D. L. Tonks -- D. C. Wallace",
  title           = "Model of plastic deformation for extreme loading conditions",
  journal         = "Journal of Applied Physics",
  volume          = "93",
  number          = "1",
  pages           = "211--220",
  year            = "2003",
  month           = "January",
}

@book{ode-Tenenbaum-Pollard,
  author          = "Morris Tenenbaum -- Harry Pollard",
  title           = "Ordinary Differential Equations",
  publisher       = "Dover Publications, Inc.",
  address         = "31 East 2nd Street, Mineola, NY 11501",
  year            = "1963",
  note            = "0-486-64940-7",
}

@article{seli-2013,
  author          = "H. Seli -- M. Awang -- A. I. Ismail -- E. Rachman -- Z. A. Ahmad",
  title           = "Evaluation of Properties and {FEM} Model of the Friction Welded Mild {Steel-Al6061-Alumina}",
  journal         = "Materials Research",
  volume          = "16",
  number          = "2",
  pages           = "454--467",
  year            = "2013",
}

@article {taylor-1934,
  author          = "G. I. Taylor",
  title           = "The Mechanism of Plastic Deformation of Crystals. {Part I}. {Theoretical}",
  journal         = "Proceedings of the Royal Society of London A: Mathematical, Physical and Engineering Sciences",
  volume          = "145",
  number          = "855",
  pages           = "362-387",
  year            = "1934",
}

@article{wilkins-1973,
  author          = "M. Wilkins -- M. Guinan",
  title           = "Impact of cylinders on a rigid boundary",
  journal         = "Journal of Applied Physics",
  volume          = "44",
  number          = "3",
  year            = "1973",
}
